<record><leader>00000cas a22000007a 4500</leader><controlfield tag="001">13922574</controlfield><controlfield tag="008">860724d19411961paudn ne      0    0eng d</controlfield><datafield ind1=" " ind2=" " tag="010"><subfield code="a">sn 86081716 </subfield></datafield><datafield ind1=" " ind2=" " tag="040"><subfield code="a">NPH</subfield><subfield code="b">eng</subfield><subfield code="c">NPH</subfield><subfield code="d">OCLCQ</subfield></datafield><datafield ind1=" " ind2=" " tag="042"><subfield code="a">msc</subfield></datafield><datafield ind1="0" ind2=" " tag="130"><subfield code="a">Milton evening standard (Milton, Pa. : 1941)</subfield></datafield><datafield ind1="1" ind2="0" tag="245"><subfield code="a">Milton evening standard.</subfield></datafield><datafield ind1="1" ind2="3" tag="246"><subfield code="a">Milton evening standard and Miltonian</subfield></datafield><datafield ind1=" " ind2=" " tag="260"><subfield code="a">Milton, Pa. :</subfield><subfield code="b">William Penn Hastings,</subfield><subfield code="c">1941-1961.</subfield></datafield><datafield ind1=" " ind2=" " tag="300"><subfield code="a">20 v.</subfield></datafield><datafield ind1=" " ind2=" " tag="310"><subfield code="a">Daily (except Sunday)</subfield></datafield><datafield ind1="0" ind2=" " tag="362"><subfield code="a">Fifty first yr., no. 15,499 (Apr. 16, 1941)-72nd yr., no. 21,908 (May 2, 1961).</subfield></datafield><datafield ind1=" " ind2=" " tag="752"><subfield code="a">United States</subfield><subfield code="b">Pennsylvania</subfield><subfield code="c">Northumberland</subfield><subfield code="d">Milton.</subfield></datafield><datafield ind1="0" ind2="0" tag="780"><subfield code="t">Milton evening standard and Miltonian</subfield><subfield code="w">(DLC)sn 86081715</subfield></datafield><datafield ind1="0" ind2="0" tag="785"><subfield code="t">Milton standard</subfield><subfield code="w">(DLC)sn 86081717</subfield></datafield></record>